@article{macal2010tutorial,
	title={Tutorial on agent-based modelling and simulation},
	author={Macal, Charles M and North, Michael J},
	journal={Journal of simulation},
	volume={4},
	number={3},
	pages={151--162},
	year={2010},
	publisher={Springer}
}

@book{millington2016artificial,
	title={Artificial intelligence for games},
	author={Millington, Ian and Funge, John},
	year={2016},
	publisher={CRC Press}
}

@article{bonabeau2002agent,
	title={Agent-based modeling: Methods and techniques for simulating human systems},
	author={Bonabeau, Eric},
	journal={Proceedings of the National Academy of Sciences},
	volume={99},
	number={suppl 3},
	pages={7280--7287},
	year={2002},
	publisher={National Acad Sciences}
}

@article{grimm2006standard,
	title={A standard protocol for describing individual-based and agent-based models},
	author={Grimm, Volker and Berger, Uta and Bastiansen, Finn and Eliassen, Sigrunn and Ginot, Vincent and Giske, Jarl and Goss-Custard, John and Grand, Tamara and Heinz, Simone K and Huse, Geir and others},
	journal={Ecological modelling},
	volume={198},
	number={1},
	pages={115--126},
	year={2006},
	publisher={Elsevier}
}

@inproceedings{macal2005tutorial,
	title={Tutorial on agent-based modeling and simulation},
	author={Macal, Charles M and North, Michael J},
	booktitle={Simulation Conference, 2005 Proceedings of the Winter},
	pages={14--pp},
	year={2005},
	organization={IEEE}
}

@online{mesa2017agent,
	title = {Mesa: Agent-based modeling in Python 3+},
	url = {https://github.com/projectmesa/mesa},
	urldate = {2017-11-20}}

@online{amit2017pathfind,
	title = {Amitâ€™s Thoughts on Pathfinding},
	url = {http://theory.stanford.edu/~amitp/GameProgramming/Heuristics.html},
	urldate = {2017-11-20}}